@book{adams1995hitchhiker,
  title={The Hitchhiker's Guide to the Galaxy},
  author={Adams, D.},
  isbn={9781417642595},
  url={http://books.google.com/books?id=W-xMPgAACAAJ},
  year={1995},
  publisher={San Val}
}

@article{schools,
title={Why Schools in England Are Teaching 5 Year Olds How To Code},
  url={https://www.bloomberg.com/news/2014-10-15/why-schools-in-england-are-teaching-5-year-olds-how-to-code.html},
  publisher={Bloomberg},
  author={Sam Chalmers},
  year={2014},
  month={10},
  urldate={2019-04-01}
}

@article{carlo,
  title={Carlo has a head for apps and a body (tag) for rendering: Google takes on Electron with JS desktop app toolset},
  url={https://www.theregister.co.uk/2018/11/02/carlo_chromium/},
  author={Thomas Claburn},
  publisher={The Register},
  year={2018},
  month={11},
  urldate={2019-04-02}
}